@article{MyId,
title={My Title},
author={Me},
year=2023,
volume=23,
pages=15-45
}